@Inbook{Steffen2011,
	author="Steffen, Bernhard
	and Howar, Falk
	and Merten, Maik",
	editor="Bernardo, Marco
	and Issarny, Val{\'e}rie",
	title="Introduction to Active Automata Learning from a Practical Perspective",
	bookTitle="Formal Methods for Eternal Networked Software Systems: 11th International School on Formal Methods for the Design of Computer, Communication and Software Systems, SFM 2011, Bertinoro, Italy, June 13-18, 2011. Advanced Lectures",
	year="2011",
	publisher="Springer Berlin Heidelberg",
	address="Berlin, Heidelberg",
	pages="256--296",
	isbn="978-3-642-21455-4",
	doi="10.1007/978-3-642-21455-4_8",
	url="https://doi.org/10.1007/978-3-642-21455-4_8"
}
@Inbook{Howar2018,
	author="Howar, Falk
	and Steffen, Bernhard",
	editor="Bennaceur, Amel
	and H{\"a}hnle, Reiner
	and Meinke, Karl",
	title="Active Automata Learning in Practice",
	bookTitle="Machine Learning for Dynamic Software Analysis: Potentials and Limits: International Dagstuhl Seminar 16172, Dagstuhl Castle, Germany, April 24-27, 2016, Revised Papers",
	year="2018",
	publisher="Springer International Publishing",
	address="Cham",
	pages="123--148",
	isbn="978-3-319-96562-8",
	doi="10.1007/978-3-319-96562-8_5",
	url="https://doi.org/10.1007/978-3-319-96562-8_5"
}
@article{ANGLUIN198787,
	title = "Learning regular sets from queries and counterexamples",
	journal = "Information and Computation",
	volume = "75",
	number = "2",
	pages = "87 - 106",
	year = "1987",
	issn = "0890-5401",
	url = "https://doi.org/10.1016/0890-5401(87)90052-6",
	author = "Dana Angluin",
}
@InProceedings{10.1007/978-3-642-34781-8_19,
	author="Merten, Maik
	and Howar, Falk
	and Steffen, Bernhard
	and Margaria, Tiziana",
	editor="H{\"a}hnle, Reiner
	and Knoop, Jens
	and Margaria, Tiziana
	and Schreiner, Dietmar
	and Steffen, Bernhard",
	title="Automata Learning with On-the-Fly Direct Hypothesis Construction",
	booktitle="Leveraging Applications of Formal Methods, Verification, and Validation",
	year="2012",
	publisher="Springer Berlin Heidelberg",
	address="Berlin, Heidelberg",
	pages="248--260",
	isbn="978-3-642-34781-8"
}
@Inbook{Kozen1977,
	author="Kozen, Dexter C.",
	title="Myhill---Nerode Relations",
	bookTitle="Automata and Computability",
	year="1977",
	publisher="Springer Berlin Heidelberg",
	address="Berlin, Heidelberg",
	pages="89--94",
	isbn="978-3-642-85706-5",
	doi="10.1007/978-3-642-85706-5_16",
	url="https://doi.org/10.1007/978-3-642-85706-5_16"
}
@article{10.2307/2033204,
	ISSN = {00029939, 10886826},
	URL = {http://www.jstor.org/stable/2033204},
	author = {A. Nerode},
	journal = {Proceedings of the American Mathematical Society},
	number = {4},
	pages = {541--544},
	publisher = {American Mathematical Society},
	title = {Linear Automaton Transformations},
	volume = {9},
	year = {1958}
}
@incollection{HOPCROFT1971189,
	title = "AN n log n ALGORITHM FOR MINIMIZING STATES IN A FINITE AUTOMATON",
	editor = "Zvi Kohavi and Azaria Paz",
	booktitle = "Theory of Machines and Computations",
	publisher = "Academic Press",
	pages = "189 - 196",
	year = "1971",
	isbn = "978-0-12-417750-5",
	doi = "https://doi.org/10.1016/B978-0-12-417750-5.50022-1",
	url = "http://www.sciencedirect.com/science/article/pii/B9780124177505500221",
	author = "John Hopcroft"
}
@InProceedings{10.1007/978-3-319-11164-3_26,
	author="Isberner, Malte
	and Howar, Falk
	and Steffen, Bernhard",
	editor="Bonakdarpour, Borzoo
	and Smolka, Scott A.",
	title="The TTT Algorithm: A Redundancy-Free Approach to Active Automata Learning",
	booktitle="Runtime Verification",
	year="2014",
	publisher="Springer International Publishing",
	address="Cham",
	pages="307--322",
	isbn="978-3-319-11164-3"
}
@InProceedings{10.1007/978-3-319-21690-4_32,
	author="Isberner, Malte
	and Howar, Falk
	and Steffen, Bernhard",
	editor="Kroening, Daniel
	and P{\u{a}}s{\u{a}}reanu, Corina S.",
	title="The Open-Source LearnLib",
	booktitle="Computer Aided Verification",
	year="2015",
	publisher="Springer International Publishing",
	address="Cham",
	pages="487--495",
	isbn="978-3-319-21690-4"
}
@inproceedings{DBLP:conf/icse/MolnarGVMV18,
	author    = {Vince Moln{\'{a}}r and
	Bence Graics and
	Andr{\'{a}}s V{\"{o}}r{\"{o}}s and
	Istv{\'{a}}n Majzik and
	D{\'{a}}niel Varr{\'{o}}},
	title     = {The Gamma statechart composition framework: design, verification
	and code generation for component-based reactive systems},
	booktitle = {Proceedings of the 40th International Conference on Software Engineering:
	Companion Proceeedings, {ICSE} 2018, Gothenburg, Sweden, May 27 -
	June 03, 2018},
	pages     = {113--116},
	year      = {2018},
	doi       = {10.1145/3183440.3183489}
}
@inproceedings{theta-fmcad2017,
	author     = {T\'oth, Tam\'as and Hajdu, \'{A}kos and V\"or\"os, Andr\'as and Micskei, Zolt\'an and Majzik, Istv\'an},
	year       = {2017},
	title      = {Theta: a Framework for Abstraction Refinement-Based Model Checking},
	booktitle  = {Proceedings of the 17th Conference on Formal Methods in Computer-Aided Design},
	isbn       = {978-0-9835678-7-5},
	editor     = {Stewart, Daryl and Weissenbacher, Georg},
	pages      = {176--179},
	doi        = {10.23919/FMCAD.2017.8102257},
}
@inproceedings{aarts2012automata,
	title={Automata learning through counterexample guided abstraction refinement},
	author={Aarts, Fides and Heidarian, Faranak and Kuppens, Harco and Olsen, Petur and Vaandrager, Frits},
	booktitle={International Symposium on Formal Methods},
	pages={10--27},
	year={2012},
	organization={Springer}
}



